@Book{Blanchard2023,
  author    = {Blanchard, Olivier},
  publisher = {MIT press},
  title     = {Fiscal policy under low interest rates},
  year      = {2023},
}

@Comment{jabref-meta: databaseType:bibtex;}
